@ARTICLE{snntorch,
  author={Eshraghian, Jason K. and Ward, Max and Neftci, Emre O. and Wang, Xinxin and Lenz, Gregor and Dwivedi, Girish and Bennamoun, Mohammed and Jeong, Doo Seok and Lu, Wei D.},
  journal={Proceedings of the IEEE}, 
  title={Training Spiking Neural Networks Using Lessons From Deep Learning}, 
  year={2023},
  volume={111},
  number={9},
  pages={1016-1054},
  keywords={Deep learning;Neuromorphics;Neurons;Biological neural networks;Training;Brain modeling;Australia;Electronic learning;Brain modeling;Tutorials;Deep learning;neural code;neuromorphic;online learning;spiking neural networks (SNNs)},
  doi={10.1109/JPROC.2023.3308088}}

@ARTICLE{predictive_review,
  author       = {Beren Millidge and
                  Anil K. Seth and
                  Christopher L. Buckley},
  title        = {Predictive Coding: a Theoretical and Experimental Review},
  journal      = {CoRR},
  volume       = {abs/2107.12979},
  year         = {2021},
  url          = {https://arxiv.org/abs/2107.12979},
  eprinttype    = {arXiv},
  eprint       = {2107.12979},
}

@ARTICLE{free_energy,
  author = {Friston, Karl},
  title = {The Free-Energy Principle: A Unified Brain Theory?},
  journal = {Nature Reviews Neuroscience},
  year = {2010},
  volume = {11}
  pages = {127-138},
  doi={10.1038/nrn2787}}

@ARTICLE{object_perception,
  author = {Kersten, Daniel and
            Mamassian, Pascal and
            Yuille, Alan},
  title = {Object Perception as Bayesian Inference"},
  journal = {Annual Review of Psychology},
  year = {2004},
  volume = {55},
  pages = {271-304},
  doi = {10.1146/annurev.psych.55.090902.142005}}

@ARTICLE{NGC,
  author = {Ororbia, Alexander and
            Kifer, Daniel},
  title = {The Neural Coding Framework for Learning Generative Models"},
  journal = {Nature Communications},
  year = {2022},
  volume = {13},
  doi = {10.1038/s41467-022-29632-7}}

@ARTICLE{radical_predictive,
  author = {Clark, Andy},
  title = {Radical Predictive Processing"},
  journal = {The Southern Journal of Philosophy},
  year = {2015},
  volume = {53},
  pages = {3-27},
  doi = {10.1111/sjp.12120}}

@ARTICLE{development, 
  author = {Milne, Georgia A. and  
            Lisi, Matteo and
            McLean, Aisha and
            Zheng, Rosie and
            Groen, Iris I.A. and
            Dekker, Tessa M.},
  title = {Perceptual Reorganization from Prior Knowledge Emerges Late in Childhood"},
  journal = {iScience},
  year = {2024},
  doi = {10.1016/j.isci.2024.108787}}

@ARTICLE{generative_discriminative,
  author = {Peters, Benjamin and
            DiCarlo, James J. and
            Gureckis, Todd and
            Haefner, Ralf and
            Isik, Leyla and
            Tenebaum, Joshua and
            Konkle, Talia and
            Naselaris, Thomas and
            Stachenfeld, Kimberly and 
            Taveres, Zenna and
            Tsao, Doris and
            Yildirim, Ilker and
            Kriegeskorte, Nikolaus},
  title = {How Does the Primate Brain Combine Generative and Discriminative Computations in Vision?},
  year = {2024},
  url = {https://arxiv.org/abs/2401.06005},
  eprint = {2401.06005},
  eprinttype = {arXiv}}

@ARTICLE{serial_dependence,
  author = {Cicchini, Guido Marco and 
            Mikellidou, Kyriaki and
            Burr, David Charles},
  title = {"Serial Dependence in Perception"},
  journal = {Annual Review of Psychology},
  year = {2024},
  volume = {75},
  pages = {129-154},
  doi = {10.1146/annurev-psych-021523-104939}}

@ARTICLE{contrastive,
  author = {Ororbia, Alexander},
  title = {Contrastive-Signal-Dependent Plasticity: Forward-Forward Learning of Spiking Neural Systems},
  year = {2023},
  url = {https://arxiv.org/abs/2303.18187}
  eprint = {2303.18187},
  eprinttype = {arxiv}}

@ARTICLE{rust_embed,
  author = {Sharma, Ayushi and
            Sharma, Shashank and
            Torres-Arias, Santiago and
            Machiry, Aravind},
  title = {Rust for Embedded Systems: Current State, Challenges and Open Problems},
  year = {2023},
  url = {https://arxiv.org/2311.05063},
  eprint = {2311.05063},
  eprinttype = {arxiv}}

@ARTICLE{data_streams,
  author = {Ororbia, Alexander},
  title = {Spiking Neural Predictive Coding for Continually Learning from Data Streams},
  year = {2022},
  url = {https://arxiv.org/1908.08655},
  eprint = {1908.08655},
  eprinttype = {arxiv}}
  
@inproceedings{bayesian_neuron,
 author = {Deneve, Sophie},
 booktitle = {Advances in Neural Information Processing Systems},
 editor = {L. Saul and Y. Weiss and L. Bottou},
 publisher = {MIT Press},
 title = {Bayesian inference in spiking neurons},
 url = {https://proceedings.neurips.cc/paper_files/paper/2004/file/cdd96eedd7f695f4d61802f8105ba2b0-Paper.pdf},
 volume = {17},
 year = {2004}
}